
% Phenomenon-Based Learning for Teaching ICTSubject throughother Subjects in Primary Schools
@derleme{ jcer553507,
	journal      = {Journal of Computer and Education Research},
	issn         = {},
	eissn        = {2148-2896},
	address      = {},
	publisher    = {Tamer KUTLUCA},
	year         = {2019},
	volume       = {7},
	pages        = {205 - 212},
	doi          = {10.18009/jcer.553507},
	title        = {Phenomenon-Based Learning for Teaching ICT Subject through other Subjects in Primary Schools},
	key          = {cite},
	author       = {Wakıl,  Karzan and Rahman,  Rupak and Hasan,  Dana and Mahmood,  Pakhshan and Jalal,  Trifa}
}

% Phenomenon-Based Learning in Finland Inspires Student Inquiry
@misc{ pblf,
  author       = {Sam Northern},
	year         = {2018},
  title        = {Phenomenon-Based Learning in Finland Inspires Student Inquiry},
  howpublished = {\url{https://blogs.edweek.org/edweek/global_learning/2018/10/phenomenon-based_learning_in_finland_inspires_inquiry.html}}
}

% článok v zborníku
@article{Czarnecki:Staged,
  author  = {Krzysztof Czarnecki and Simon Helsen and Ulrich Eisenecker},
  title   = {Staged Configuration Through Specialization and Multi-Level Configuration of Feature Models},
  journal = {Software Process: Improvement and Practice},
  volume  = 10,
  issue   = 2,
  month   = {apr # {/} # jun},
  year    = {2005},
  pages   = {143--169}
}

% technická správa (nepublikovaná)
@techreport{Kang:FODA,
  author      = {Kyo C. Kang and Sholom G. Cohen and James A. Hess and William E. Novak and A. Spencer Peterson},
  title       = {Feature-Oriented Domain Analysis ({FODA}): A Feasibility Study},
  institution = {Software Engineering Institute, Carnegie Mellon University},
  address     = {Pittsburgh, USA},
  month       = nov,
  year        = 1990,
  number      = {CMU/SEI-90-TR-21}
}

% zdroj na webe
@misc{PLP-Framework,
  author       = {Software Engineering Institute, Carnegie Mellon University},
  title        = {A Framework for Software Product Line Practice---Version 5.0},
  howpublished = {\url{http://www.sei.cmu.edu/productlines/frame_report/}}
}